@article{hickey2009clojure,
  title={Clojure homepage},
  author={Hickey, Rich},
  journal={Accessed online from: http://www. clojure. org on},
  volume={12},
  year={2009}
}

@article{clojurerationale,
  title={Clojure - rationale},
  author={Hickey, Rich},
  journal={Accessed online from: http://www. clojure. org / rationale on},
  year={2015}
}



@article{clojurefn,
  title={Clojure - functional\_programming},
  author={Hickey, Rich},
  journal={Accessed online from: http://www. clojure. org / functional\_programming on},
  year={2015}
}



@article{clojuredyn,
  title={Clojure - dynamic},
  author={Hickey, Rich},
  journal={Accessed online from: http://www. clojure. org / dynamic on},
  year={2015}
}



@article{clojuredocmulti,
    title={defmulti - clojure.core},
    author={Victor and stand},
    journal={Accessd online from https:// clojuredocs.org/ clojure.core/ defmulti},
    year={2015}
}


@article{interop,
    title={Clojure - java\_interop},
    author={Rich Hickey},
    journal={Accessed online from http://www. clojure. org / clojure.core/ java\_interop},
    year={2015}
}



@article{reflect,
    title={Clojure reflect},
    author={Stuart Halloway},
    journal={Accessed online from https:// clojure.github.io/ clojure/ clojure.reflect-api.html},
    year={2015}
}

@article{relevance,
    title={Rifle-Oriented Programming with Clojure},
    author={Stuart Halloway},
    journal={Accessed online from http:// thinkrelevance.com /blog/2009/08/12/rifle-oriented- programming-with-clojure-2},
    year={2015}
}

@article{github_2015,
 author={GitHub},
 title={technomancy/leiningen},
 journal = {Accessed online from https://github.com /technomancy/ leiningen/ blob/stable/doc/ TUTORIAL.md},
 year={2015}
}

@article{oraclechar,
  author={Oracle},
  title={Primitive Data Types},
  journal={Accessed online from https:// docs.oracle.com/ javase/ tutorial/ java/ nutsandbolts/ datatypes.html},
  year={2015}
}


@article{brave2015,
  author={Daniel Higginbotham},
  title={Using Emacs with Clojure | Clojure for the Brave and True},
  journal={Accessed online from http:// www.braveclojure.com/ using-emacs-with-clojure/},
  year={2015}
}


@article{hickey,
  author={Paul Krill},
  title={Clojure inventor Hickey now aims for Android},
  journal={Accessed online from http:// www.infoworld.com /article/ 2619641/ java/  clojure-inventor-hickey-now-aims-for-android. html},
  year={2012}
}

@article{koan,
  author={trptcolin},
  title={Clojure Koans},
  journal={Accessed online from https:// github.com/ functional-koans/ clojure-koans},
  year={2015}
}

@article{empty,
  author={dpritchett},
  title={API for clojure.core - Clojure v1.7 (stable)},
  journal={Accessed online from https:// clojuredocs.org/ clojure.core},
  year={2015}
}

@article{brave2015concur,
  author={Daniel Higginbotham},
  title={Concurrency, Parallelism and States. And Zombies. | Clojure for the Brave and True},
  journal={Accessd online from http:// www.braveclojure.com/ concurrency/},
  year={2015}
}

@article{binding,
    author={Chris McBride},
    title={Lexical v.s. Dynamic Scope in Clojure - The Data Point},
    journal={Accessed online from https:// blog.rjmetrics.com/ 2012/01/11/ lexical-vs-dynamic-scope-in-clojure/},
    year={2015}
}


@article{pass,
  author={Marko Topolnik },
  title={Re: Clojure question -Google Groups},
  journal={Accessed online from https:// groups.google.com/ forum/ \#!topic/ clojure/ 5LosIrRXnOY},
  year={2015}
}



@book{fogus2011joy,
  title={The Joy of Clojure: Thinking the Clojure Way},
  author={Fogus, Michael and Houser, Chris},
  year={2011},
  publisher={Manning Publications Co.}
}


@book{fogus2014joy,
  title={The Joy of Clojure},
  author={Fogus, Michael and Houser, Chris},
  year={2014},
  publisher={Manning Publ.}
}




@book{rathore2011clojure,
  title={Clojure in action},
  author={Rathore, Amit},
  year={2011},
  publisher={Manning Publications Co.}
}


@book{emerick2012clojure,
  title={Clojure programming},
  author={Emerick, Chas and Carper, Brian and Grand, Christophe},
  year={2012},
  publisher={" O'Reilly Media, Inc."}
}


@article{tratt,
  author = "Laurence Tratt",
  title  = "Dynamically Typed Languages",
  journal = "Advances in Computers",
  editor = "Marvin V. Zelkowitz",
  volume = "77",
  year = "2009",
  month = Jul,
  pages = {149-184}
}
