@book{fogus2014joy,
  title={The Joy of Clojure},
  author={Fogus, Michael and Houser, Chris},
  year={2014},
  publisher={Manning Publ.}
}

@article{koan,
  author={trptcolin},
  title={Clojure Koans},
  journal={Accessed online from https:// github.com/ functional-koans/ clojure-koans},
  year={2015}
}